@book{vdl2011targeted,
  title={Targeted Learning: Causal Inference for Observational and Experimental
    Data},
  author={{van der Laan}, Mark J and Rose, Sherri},
  year={2011},
  publisher={Springer Science \& Business Media}
}

@book{vdl2017targeted,
  title={Targeted Learning in Data Science: Causal Inference for Complex
    Longitudinal Studies},
  author={{van der Laan}, Mark J and Rose, Sherri},
  year={2017},
  publisher={Springer Science \& Business Media}
}

@article{benjamini1995controlling,
  title={Controlling the false discovery rate: a practical and powerful
    approach to multiple testing},
  author={Benjamini, Yoav and Hochberg, Yosef},
  journal={Journal of the royal statistical society. Series B (Methodological)},
  pages={289--300},
  year={1995},
  publisher={JSTOR}
}

@book{pearl2009causality,
  title={Causality: Models, Reasoning, and Inference},
  author={Pearl, Judea},
  year={2009},
  publisher={Cambridge University Press}
}

@book{hernan2018causal,
  title={Causal Inference},
  author={Hernan, Miguel A and Robins, James M},
  series={Chapman \& Hall / {CRC} Texts in Statistical Science},
  year={2018},
  publisher={Taylor \& Francis}
}

@article{tuglus2009modified,
  doi = {10.2202/1544-6115.1397},
  url = {https://dx.doi.org/10.2202/1544-6115.1397},
  year  = {2009},
  month = {January},
  publisher = {Walter de Gruyter},
  volume = {8},
  number = {1},
  pages = {1--15},
  author = {Tuglus, Catherine and {van der Laan}, Mark J},
  title = {Modified {FDR} Controlling Procedure for Multi-Stage Analyses},
  journal = {Statistical Applications in Genetics and Molecular Biology}
}

@article{smyth2004linear,
  doi = {10.2202/1544-6115.1027},
  url = {https://dx.doi.org/10.2202/1544-6115.1027},
  year  = {2004},
  month = {January},
  publisher = {Walter de Gruyter},
  volume = {3},
  number = {1},
  pages = {1--25},
  author = {Smyth, Gordon K},
  title = {Linear Models and Empirical Bayes Methods for Assessing Differential
    Expression in Microarray Experiments},
  journal = {Statistical Applications in Genetics and Molecular Biology}
}

@article{chambaz2012estimation,
  title={Estimation of a non-parametric variable importance measure of a
    continuous exposure},
  author={Chambaz, Antoine and Neuvial, Pierre and {van der Laan}, Mark J},
  journal={Electronic Journal of Statistics},
  volume={6},
  pages={1059},
  year={2012},
  publisher={NIH Public Access}
}

