@book{vdl2011targeted,
  title={Targeted Learning: Causal Inference for Observational and Experimental
    Data},
  author={{van der Laan}, Mark J and Rose, Sherri},
  year={2011},
  publisher={Springer Science \& Business Media}
}

@book{vdl2017targeted,
  title={Targeted Learning in Data Science: Causal Inference for Complex
    Longitudinal Studies},
  author={{van der Laan}, Mark J and Rose, Sherri},
  year={2017},
  publisher={Springer Science \& Business Media}
}

@article{benjamini1995controlling,
  title={Controlling the false discovery rate: a practical and powerful
    approach to multiple testing},
  author={Benjamini, Yoav and Hochberg, Yosef},
  journal={Journal of the royal statistical society. Series B (Methodological)},
  pages={289--300},
  year={1995},
  publisher={JSTOR}
}

@book{pearl2009causality,
  title={Causality: Models, Reasoning, and Inference},
  author={Pearl, Judea},
  year={2009},
  publisher={Cambridge University Press}
}

@book{hernan2018causal,
  title={Causal Inference},
  author={Hernan, Miguel A and Robins, James M},
  series={Chapman \& Hall/CRC Texts in Statistical Science},
  year={2018, forthcoming},
  publisher={Taylor \& Francis}
}

@article{tuglus2009modified,
  doi = {10.2202/1544-6115.1397},
  url = {https://dx.doi.org/10.2202/1544-6115.1397},
  year  = {2009},
  month = {January},
  publisher = {Walter de Gruyter},
  volume = {8},
  number = {1},
  pages = {1--15},
  author = {Tuglus, Catherine and {van der Laan}, Mark J.},
  title = {Modified {FDR} Controlling Procedure for Multi-Stage Analyses},
  journal = {Statistical Applications in Genetics and Molecular Biology}
}

@article{smyth2004linear,
  doi = {10.2202/1544-6115.1027},
  url = {https://dx.doi.org/10.2202/1544-6115.1027},
  year  = {2004},
  month = {January},
  publisher = {Walter de Gruyter},
  volume = {3},
  number = {1},
  pages = {1--25},
  author = {Smyth, Gordon K.},
  title = {Linear Models and Empirical Bayes Methods for Assessing Differential
    Expression in Microarray Experiments},
  journal = {Statistical Applications in Genetics and Molecular Biology}
}

@article{chambaz2012estimation,
  title={Estimation of a non-parametric variable importance measure of a
    continuous exposure},
  author={Chambaz, Antoine and Neuvial, Pierre and {van der Laan}, Mark J},
  journal={Electronic Journal of Statistics},
  volume={6},
  pages={1059},
  year={2012},
  publisher={NIH Public Access}
}

@article{aryee2014minfi,
  doi = {10.1093/bioinformatics/btu049},
  url = {https://doi.org/10.1093/bioinformatics/btu049},
  year  = {2014},
  month = {jan},
  publisher = {Oxford University Press ({OUP})},
  volume = {30},
  number = {10},
  pages = {1363--1369},
  author = {Martin J Aryee and Andrew E Jaffe and Hector Corrada-Bravo and
    Christine Ladd-Acosta and Andrew P Feinberg and Kasper D Hansen and Rafael
    A Irizarry},
  title = {Minfi: a flexible and comprehensive Bioconductor package for the
    analysis of Infinium {DNA} methylation microarrays},
  journal = {Bioinformatics}
}

@article{dedeurwaerder2013comprehensive,
  title={A comprehensive overview of Infinium HumanMethylation450 data
    processing},
  author={Dedeurwaerder, Sarah and Defrance, Matthieu and Bizet, Martin and
    Calonne, Emilie and Bontempi, Gianluca and Fuks, Fran{\c{c}}ois},
  journal={Briefings in bioinformatics},
  pages={bbt054},
  year={2013},
  publisher={Oxford Univ Press}
}

@article{fortin2014functional,
  title={Functional normalization of 450k methylation array data improves
    replication in large cancer studies},
  author={Fortin, Jean-Philippe and Labbe, Aurelie and Lemire, Mathieu and
    Zanke, Brent W and Hudson, Thomas J and Fertig, Elana J and Greenwood, Celia
      MT and Hansen, Kasper D},
  journal={bioRxiv},
  year={2014},
  publisher={Cold Spring Harbor Labs Journals}
}

@article{robinson2014statistical,
  title={Statistical methods for detecting differentially methylated loci and
    regions},
  author={Robinson, Mark D and Kahraman, Abdullah and Law, Charity W and
    Lindsay, Helen and Nowicka, Malgorzata and Weber, Lukas M and Zhou, Xiaobei},
  journal={Bioinformatics and Computational Biology},
  volume={5},
  pages={324},
  year={2014},
  publisher={Frontiers}
}

@article{vdl2007super,
  title={Super learner},
  author={{van der Laan}, Mark J and Polley, Eric C and Hubbard, Alan E},
  journal={Statistical applications in genetics and molecular biology},
  volume={6},
  number={1},
  year={2007}
}

@article{breiman1996stacked,
  title={Stacked regressions},
  author={Breiman, Leo},
  journal={Machine learning},
  volume={24},
  number={1},
  pages={49--64},
  year={1996},
  publisher={Springer}
}

@misc{barter2017superheat,
Author = {Rebecca L Barter and Bin Yu},
Title = {Superheat: An R package for creating beautiful and extendable heatmaps
  for visualizing complex data},
Year = {2017},
}

