@BOOK{Smith:2012qr,
	title = {{B}ook {T}itle},
	publisher = {Publisher},
	author = {Smith, J.~M. and Jones, A.~B.},
	year = {2012},
	edition = {7th},
}

@ARTICLE{Smith:2013jd,
	author = {Jones, A.~B. and Smith, J.~M.},
	title = {{A}rticle {T}itle},
	journal = {Journal title},
	year = {2013},
	volume = {13},
	pages = {123-456},
	number = {52},
	month = {March},
	publisher = {Publisher}
}

@book{vdl2011targeted,
  title={Targeted Learning: Causal Inference for Observational and Experimental
    Data},
  author={{van der Laan}, Mark J and Rose, Sherri},
  year={2011},
  publisher={Springer Science \& Business Media}
}

@book{vdl2017targeted,
  title={Targeted Learning in Data Science: Causal Inference for Complex
    Longitudinal Studies},
  author={{van der Laan}, Mark J and Rose, Sherri},
  year={2017},
  publisher={Springer Science \& Business Media}
}

@article{benjamini1995controlling,
  title={Controlling the false discovery rate: a practical and powerful
    approach to multiple testing},
  author={Benjamini, Yoav and Hochberg, Yosef},
  journal={Journal of the royal statistical society. Series B (Methodological)},
  pages={289--300},
  year={1995},
  publisher={JSTOR}
}

@book{pearl2009causality,
  title={Causality: Models, Reasoning, and Inference},
  author={Pearl, Judea},
  year={2009},
  publisher={Cambridge University Press}
}

@book{hernan2018causal,
  title={Causal Inference},
  author={Hernan, Miguel A and Robins, James M},
  series={Chapman \& Hall/CRC Texts in Statistical Science},
  year={2018, forthcoming},
  publisher={Taylor \& Francis}
}

@article{tuglus2009modified,
  doi = {10.2202/1544-6115.1397},
  url = {https://dx.doi.org/10.2202/1544-6115.1397},
  year  = {2009},
  month = {January},
  publisher = {Walter de Gruyter},
  volume = {8},
  number = {1},
  pages = {1--15},
  author = {Tuglus, Catherine and {van der Laan}, Mark J.},
  title = {Modified {FDR} Controlling Procedure for Multi-Stage Analyses},
  journal = {Statistical Applications in Genetics and Molecular Biology}
}

@article{smyth2004linear,
  doi = {10.2202/1544-6115.1027},
  url = {https://dx.doi.org/10.2202/1544-6115.1027},
  year  = {2004},
  month = {January},
  publisher = {Walter de Gruyter},
  volume = {3},
  number = {1},
  pages = {1--25},
  author = {Smyth, Gordon K.},
  title = {Linear Models and Empirical Bayes Methods for Assessing Differential
    Expression in Microarray Experiments},
  journal = {Statistical Applications in Genetics and Molecular Biology}
}

@article{chambaz2012estimation,
  title={Estimation of a non-parametric variable importance measure of a
    continuous exposure},
  author={Chambaz, Antoine and Neuvial, Pierre and {van der Laan}, Mark J},
  journal={Electronic Journal of Statistics},
  volume={6},
  pages={1059},
  year={2012},
  publisher={NIH Public Access}
}

@article{aryee2014minfi,
  doi = {10.1093/bioinformatics/btu049},
  url = {https://doi.org/10.1093/bioinformatics/btu049},
  year  = {2014},
  month = {jan},
  publisher = {Oxford University Press ({OUP})},
  volume = {30},
  number = {10},
  pages = {1363--1369},
  author = {Martin J Aryee and Andrew E Jaffe and Hector Corrada-Bravo and
    Christine Ladd-Acosta and Andrew P Feinberg and Kasper D Hansen and Rafael
    A Irizarry},
  title = {Minfi: a flexible and comprehensive Bioconductor package for the
    analysis of Infinium {DNA} methylation microarrays},
  journal = {Bioinformatics}
}

@article{pedersen2012comb,
  title={Comb-p: software for combining, analyzing, grouping and correcting
    spatially correlated P-values},
  author={Pedersen, Brent S and Schwartz, David A and Yang, Ivana V and
    Kechris, Katerina J},
  journal={Bioinformatics},
  volume={28},
  number={22},
  pages={2986--2988},
  year={2012},
  publisher={Oxford Univ Press}
}

@article{dedeurwaerder2013comprehensive,
  title={A comprehensive overview of Infinium HumanMethylation450 data
    processing},
  author={Dedeurwaerder, Sarah and Defrance, Matthieu and Bizet, Martin and
    Calonne, Emilie and Bontempi, Gianluca and Fuks, Fran{\c{c}}ois},
  journal={Briefings in bioinformatics},
  pages={bbt054},
  year={2013},
  publisher={Oxford Univ Press}
}

@article{fortin2014functional,
  title={Functional normalization of 450k methylation array data improves
    replication in large cancer studies},
  author={Fortin, Jean-Philippe and Labbe, Aurelie and Lemire, Mathieu and
    Zanke, Brent W and Hudson, Thomas J and Fertig, Elana J and Greenwood,
    Celia MT and Hansen, Kasper D},
  journal={bioRxiv},
  year={2014},
  publisher={Cold Spring Harbor Labs Journals}
}

@article{houseman2012dna,
  title={DNA methylation arrays as surrogate measures of cell mixture
    distribution},
  author={Houseman, Eugene A and Accomando, William P and Koestler, Devin C and
    Christensen, Brock C and Marsit, Carmen J and Nelson, Heather H and
    Wiencke, John K and Kelsey, Karl T},
  journal={BMC bioinformatics},
  volume={13},
  number={1},
  pages={86},
  year={2012},
  publisher={BioMed Central Ltd}
}

@article{robinson2014statistical,
  title={Statistical methods for detecting differentially methylated loci and
    regions},
  author={Robinson, Mark D and Kahraman, Abdullah and Law, Charity W and
    Lindsay, Helen and Nowicka, Malgorzata and Weber, Lukas M and Zhou,
    Xiaobei},
  journal={Bioinformatics and Computational Biology},
  volume={5},
  pages={324},
  year={2014},
  publisher={Frontiers}
}

@article{robertson2005dna,
  title={DNA methylation and human disease},
  author={Robertson, Keith D},
  journal={Nature reviews. Genetics},
  volume={6},
  number={8},
  pages={597},
  year={2005},
  publisher={Nature Publishing Group}
}

@article{libbrecht2015machine,
  title={Machine learning in genetics and genomics},
  author={Libbrecht, Maxwell W and Noble, William Stafford},
  journal={Nature Reviews. Genetics},
  volume={16},
  number={6},
  pages={321},
  year={2015},
  publisher={NIH Public Access}
}

@article{vdl2006statistical,
  title={Statistical inference for variable importance},
  author={{van der Laan}, Mark J},
  journal={The International Journal of Biostatistics},
  volume={2},
  number={1},
  year={2006}
}

@article{vdl2006targeted,
  title={Targeted maximum likelihood learning},
  author={{van der Laan}, Mark J and Rubin, Daniel},
  journal={The International Journal of Biostatistics},
  volume={2},
  number={1},
  year={2006}
}

@article{tuglus2008targeted,
  title={Targeted methods for biomarker discovery, the search for a standard},
  author={Tuglus, Catherine and {van der Laan}, Mark J},
  year={2008},
  publisher={bepress}
}
